@Article{aldrin_2008,
  Title                    = {A note on tuning the Catch Limit Algorithm for commercial baleen whaling},
  Author                   = {Aldrin, M and Huseby, Ragnar Bang and Schweder, T},
  Journal                  = {J. Cetacean Res. Manage},
  Year                     = {2008},
  Number                   = {3},
  Pages                    = {191--194},
  Qualityassured           = {yes},
  Volume                   = {10},

  Keywords                 = {whaling-revised catches, management procedure},
  Owner                    = {kfj},
  Timestamp                = {2015.02.06}
}
@Article{punt_1999,
  Title                    = {A full description of the standard Baleen II model and some variants thereof},
  Author                   = {Punt, AE},
  Journal                  = {J. Cetacean Res. Manage},
  Year                     = {1999},
  Number                   = {SUPPL.},
  Pages                    = {267--276},
  Volume                   = {1},

  Owner                    = {kfj},
  Timestamp                = {2015.02.09}
}
